%YAML 1.1
%TAG !u! tag:unity3d.com,2011:
--- !u!1001 &100100000
Prefab:
  m_ObjectHideFlags: 1
  serializedVersion: 2
  m_Modification:
    m_TransformParent: {fileID: 0}
    m_Modifications: []
    m_RemovedComponents: []
  m_ParentPrefab: {fileID: 0}
  m_RootGameObject: {fileID: 1863754614236032}
  m_IsPrefabParent: 1
--- !u!1 &1863754614236032
GameObject:
  m_ObjectHideFlags: 0
  m_PrefabParentObject: {fileID: 0}
  m_PrefabInternal: {fileID: 100100000}
  serializedVersion: 5
  m_Component:
  - component: {fileID: 224122852067391922}
  - component: {fileID: 222092255111874524}
  - component: {fileID: 114119443992037184}
  - component: {fileID: 114542076163645008}
  m_Layer: 5
  m_Name: AreaImage
  m_TagString: Untagged
  m_Icon: {fileID: 0}
  m_NavMeshLayer: 0
  m_StaticEditorFlags: 0
  m_IsActive: 1
--- !u!114 &114119443992037184
MonoBehaviour:
  m_ObjectHideFlags: 1
  m_PrefabParentObject: {fileID: 0}
  m_PrefabInternal: {fileID: 100100000}
  m_GameObject: {fileID: 1863754614236032}
  m_Enabled: 1
  m_EditorHideFlags: 0
  m_Script: {fileID: -765806418, guid: f70555f144d8491a825f0804e09c671c, type: 3}
  m_Name: 
  m_EditorClassIdentifier: 
  m_Material: {fileID: 0}
  m_Color: {r: 1, g: 1, b: 1, a: 1}
  m_RaycastTarget: 1
  m_OnCullStateChanged:
    m_PersistentCalls:
      m_Calls: []
    m_TypeName: UnityEngine.UI.MaskableGraphic+CullStateChangedEvent, UnityEngine.UI,
      Version=1.0.0.0, Culture=neutral, PublicKeyToken=null
  m_Sprite: {fileID: 0}
  m_Type: 0
  m_PreserveAspect: 0
  m_FillCenter: 1
  m_FillMethod: 4
  m_FillAmount: 1
  m_FillClockwise: 1
  m_FillOrigin: 0
--- !u!114 &114542076163645008
MonoBehaviour:
  m_ObjectHideFlags: 1
  m_PrefabParentObject: {fileID: 0}
  m_PrefabInternal: {fileID: 100100000}
  m_GameObject: {fileID: 1863754614236032}
  m_Enabled: 1
  m_EditorHideFlags: 0
  m_Script: {fileID: 11500000, guid: 8bd4e26da7d274f4d995277bb3961504, type: 3}
  m_Name: 
  m_EditorClassIdentifier: 
  tSectionImage: {fileID: 21300000, guid: 6960f36b2ddda6648a6898aae84033cf, type: 3}
  tSectionImageCurrent: {fileID: 21300000, guid: cb9934731ec4fbe4091023a1577768eb,
    type: 3}
  turnImage: {fileID: 21300000, guid: f2e467a403538da47beda8da0288b659, type: 3}
  turnImageCurrent: {fileID: 21300000, guid: 59b0a21428ffadd4f8746aab9013c2fb, type: 3}
  straightImage: {fileID: 21300000, guid: 878ce6ae529b6e34dbeb9159372a9f2d, type: 3}
  straightImageCurrent: {fileID: 21300000, guid: 09018e5e31749944cb70b6bb8a6f43a9,
    type: 3}
  deadendImage: {fileID: 21300000, guid: 54c66770c2ff7524bab146f1687f6077, type: 3}
  deadendImageCurrent: {fileID: 21300000, guid: c4eea3cbf98130c499e53fa76f80996a,
    type: 3}
  portalIcon: {fileID: 0}
  unexploredImage: {fileID: 21300000, guid: 49f5af5929464db438e35ddd2302c863, type: 3}
  positionInGrid: {x: 0, y: 0}
  AreaConnectionType: 0
  playerIsOnTile: 0
  hasBeenFound: 0
--- !u!222 &222092255111874524
CanvasRenderer:
  m_ObjectHideFlags: 1
  m_PrefabParentObject: {fileID: 0}
  m_PrefabInternal: {fileID: 100100000}
  m_GameObject: {fileID: 1863754614236032}
--- !u!224 &224122852067391922
RectTransform:
  m_ObjectHideFlags: 1
  m_PrefabParentObject: {fileID: 0}
  m_PrefabInternal: {fileID: 100100000}
  m_GameObject: {fileID: 1863754614236032}
  m_LocalRotation: {x: 0, y: 0, z: 0, w: 1}
  m_LocalPosition: {x: 0, y: 0, z: 0}
  m_LocalScale: {x: 1, y: 1, z: 1}
  m_Children: []
  m_Father: {fileID: 0}
  m_RootOrder: 0
  m_LocalEulerAnglesHint: {x: 0, y: 0, z: 0}
  m_AnchorMin: {x: 0, y: 1}
  m_AnchorMax: {x: 0, y: 1}
  m_AnchoredPosition: {x: 0, y: 0}
  m_SizeDelta: {x: 40, y: 40}
  m_Pivot: {x: 0.5, y: 0.5}
