%YAML 1.1
%TAG !u! tag:unity3d.com,2011:
--- !u!1001 &100100000
Prefab:
  m_ObjectHideFlags: 1
  serializedVersion: 2
  m_Modification:
    m_TransformParent: {fileID: 0}
    m_Modifications: []
    m_RemovedComponents: []
  m_ParentPrefab: {fileID: 0}
  m_RootGameObject: {fileID: 1657104407235408}
  m_IsPrefabParent: 1
--- !u!1 &1657104407235408
GameObject:
  m_ObjectHideFlags: 0
  m_PrefabParentObject: {fileID: 0}
  m_PrefabInternal: {fileID: 100100000}
  serializedVersion: 5
  m_Component:
  - component: {fileID: 4110950712368540}
  - component: {fileID: 114327206542981164}
  - component: {fileID: 114877460967518584}
  - component: {fileID: 114952553619824910}
  - component: {fileID: 114071667170024130}
  - component: {fileID: 114071948898736294}
  m_Layer: 0
  m_Name: GameManagerWS
  m_TagString: Untagged
  m_Icon: {fileID: 0}
  m_NavMeshLayer: 0
  m_StaticEditorFlags: 0
  m_IsActive: 1
--- !u!4 &4110950712368540
Transform:
  m_ObjectHideFlags: 1
  m_PrefabParentObject: {fileID: 0}
  m_PrefabInternal: {fileID: 100100000}
  m_GameObject: {fileID: 1657104407235408}
  m_LocalRotation: {x: -0, y: -0, z: -0, w: 1}
  m_LocalPosition: {x: 0, y: 1, z: 4.114334}
  m_LocalScale: {x: 1, y: 1, z: 1}
  m_Children: []
  m_Father: {fileID: 0}
  m_RootOrder: 0
  m_LocalEulerAnglesHint: {x: 0, y: 0, z: 0}
--- !u!114 &114071667170024130
MonoBehaviour:
  m_ObjectHideFlags: 1
  m_PrefabParentObject: {fileID: 0}
  m_PrefabInternal: {fileID: 100100000}
  m_GameObject: {fileID: 1657104407235408}
  m_Enabled: 1
  m_EditorHideFlags: 0
  m_Script: {fileID: 11500000, guid: 770af7d042a09c644819b3b8845a414c, type: 3}
  m_Name: 
  m_EditorClassIdentifier: 
--- !u!114 &114071948898736294
MonoBehaviour:
  m_ObjectHideFlags: 1
  m_PrefabParentObject: {fileID: 0}
  m_PrefabInternal: {fileID: 100100000}
  m_GameObject: {fileID: 1657104407235408}
  m_Enabled: 1
  m_EditorHideFlags: 0
  m_Script: {fileID: 11500000, guid: ea534225e29e674428c9aadd0813c134, type: 3}
  m_Name: 
  m_EditorClassIdentifier: 
  sounds:
  - name: Explosion
    clip: {fileID: 8300000, guid: e2e75945fcdc51b4fb5505d7814eb763, type: 3}
    volume: 0.33
    pitch: 0.61
    minpitch: 0.8
    maxPitch: 1
    source: {fileID: 0}
    loop: 0
  - name: VaseBreak
    clip: {fileID: 8300000, guid: 052b3cc72e872b54aa6dbf9779c67f1c, type: 3}
    volume: 0.38
    pitch: 0.61
    minpitch: 0.8
    maxPitch: 1
    source: {fileID: 0}
    loop: 0
  - name: BarrelBreak
    clip: {fileID: 8300000, guid: 781d89cbf7f8b1e42ab8916fd7c9c3f9, type: 3}
    volume: 0.38
    pitch: 1
    minpitch: 0.8
    maxPitch: 1
    source: {fileID: 0}
    loop: 0
  - name: WatermelonSplat
    clip: {fileID: 8300000, guid: 835c8bf64df59cd4cb3e3033e35c8651, type: 3}
    volume: 0.79
    pitch: 0.61
    minpitch: 0.8
    maxPitch: 1
    source: {fileID: 0}
    loop: 0
  - name: ExplosionBarrel
    clip: {fileID: 8300000, guid: e2e75945fcdc51b4fb5505d7814eb763, type: 3}
    volume: 0.81
    pitch: 1.79
    minpitch: 0.8
    maxPitch: 1
    source: {fileID: 0}
    loop: 0
  - name: ExplosiveProjectile
    clip: {fileID: 8300000, guid: 010c518d2b4945a4494994311062a8cf, type: 3}
    volume: 0.46
    pitch: 1.79
    minpitch: 0.8
    maxPitch: 1
    source: {fileID: 0}
    loop: 0
  - name: OpenLootChest
    clip: {fileID: 8300000, guid: 7191adeb900de4348aa67a9f3d85002e, type: 3}
    volume: 0.46
    pitch: 1.79
    minpitch: 0.8
    maxPitch: 1
    source: {fileID: 0}
    loop: 0
  - name: OpenLootMagic
    clip: {fileID: 8300000, guid: 7021af39557c197488fbe552fa937aa5, type: 3}
    volume: 0.5
    pitch: 1
    minpitch: 0.8
    maxPitch: 1
    source: {fileID: 0}
    loop: 0
  - name: Dash1
    clip: {fileID: 8300000, guid: 812f0ddc23890334daf6899e6b882875, type: 3}
    volume: 0.43
    pitch: 0.93
    minpitch: 0.8
    maxPitch: 1
    source: {fileID: 0}
    loop: 0
  - name: Dash2
    clip: {fileID: 8300000, guid: ecab51ccd13414a4facb4fd1b0d93998, type: 3}
    volume: 0.27
    pitch: 0.96
    minpitch: 0.8
    maxPitch: 1
    source: {fileID: 0}
    loop: 0
  - name: CollectItem
    clip: {fileID: 8300000, guid: 3d8dac73fbf4ec747b6f2232501d839a, type: 3}
    volume: 0.48
    pitch: 0.82
    minpitch: 0.8
    maxPitch: 1
    source: {fileID: 0}
    loop: 0
  - name: CollectLife
    clip: {fileID: 8300000, guid: 09b3845df76d66549bb8f50941385368, type: 3}
    volume: 0.43
    pitch: 0.96
    minpitch: 0.8
    maxPitch: 1
    source: {fileID: 0}
    loop: 0
  - name: PlayerDeath
    clip: {fileID: 8300000, guid: a6064ea48e19fc645a30c38a540e1df6, type: 3}
    volume: 0.36
    pitch: 1.22
    minpitch: 0.8
    maxPitch: 1
    source: {fileID: 0}
    loop: 0
  - name: CyclopsDeath
    clip: {fileID: 8300000, guid: 0d814875038a8a94f8a43db2500f0ac7, type: 3}
    volume: 0.29
    pitch: 1
    minpitch: 0.8
    maxPitch: 1
    source: {fileID: 0}
    loop: 0
  - name: DogDeath
    clip: {fileID: 8300000, guid: 3994fe5c3d6389f49afc6c0331914c47, type: 3}
    volume: 0.35
    pitch: 1
    minpitch: 0.8
    maxPitch: 1
    source: {fileID: 0}
    loop: 0
  - name: ApolloArrow
    clip: {fileID: 8300000, guid: 88bf29ecf4419604c99aa8ce750081dd, type: 3}
    volume: 0.24
    pitch: 0.8
    minpitch: 0.8
    maxPitch: 1
    source: {fileID: 0}
    loop: 0
  - name: ExplosiveArrow
    clip: {fileID: 8300000, guid: 44ab2fcc07219f745ad0702572ee06e6, type: 3}
    volume: 0.35
    pitch: 1
    minpitch: 0.8
    maxPitch: 1
    source: {fileID: 0}
    loop: 0
  - name: EnemyAttack
    clip: {fileID: 8300000, guid: 1f78eef32e9344446b5c3cc1c44452a2, type: 3}
    volume: 0.35
    pitch: 1
    minpitch: 0.8
    maxPitch: 1
    source: {fileID: 0}
    loop: 0
  - name: MainTheme
    clip: {fileID: 8300000, guid: 2bca6d118f8161a4095b80e2aa20037f, type: 3}
    volume: 0.35
    pitch: 1
    minpitch: 0.8
    maxPitch: 1
    source: {fileID: 0}
    loop: 0
  - name: PortalUse
    clip: {fileID: 8300000, guid: 553b681ef56921246bc9fa73d9f52014, type: 3}
    volume: 0.37
    pitch: 1
    minpitch: 0.8
    maxPitch: 1
    source: {fileID: 0}
    loop: 0
--- !u!114 &114327206542981164
MonoBehaviour:
  m_ObjectHideFlags: 1
  m_PrefabParentObject: {fileID: 0}
  m_PrefabInternal: {fileID: 100100000}
  m_GameObject: {fileID: 1657104407235408}
  m_Enabled: 1
  m_EditorHideFlags: 0
  m_Script: {fileID: 11500000, guid: 27020d76b60fe0740a2228b1d3b69e91, type: 3}
  m_Name: 
  m_EditorClassIdentifier: 
  pauseMenuUI: {fileID: 0}
--- !u!114 &114877460967518584
MonoBehaviour:
  m_ObjectHideFlags: 1
  m_PrefabParentObject: {fileID: 0}
  m_PrefabInternal: {fileID: 100100000}
  m_GameObject: {fileID: 1657104407235408}
  m_Enabled: 1
  m_EditorHideFlags: 0
  m_Script: {fileID: 11500000, guid: 32e86bae00781a446a6539218448c550, type: 3}
  m_Name: 
  m_EditorClassIdentifier: 
  LimitQueueProcesing: 0
  QueueProcessTime: 0
--- !u!114 &114952553619824910
MonoBehaviour:
  m_ObjectHideFlags: 1
  m_PrefabParentObject: {fileID: 0}
  m_PrefabInternal: {fileID: 100100000}
  m_GameObject: {fileID: 1657104407235408}
  m_Enabled: 1
  m_EditorHideFlags: 0
  m_Script: {fileID: 11500000, guid: 4efa8c36d5efeb54ab1bb7d17a37e21e, type: 3}
  m_Name: 
  m_EditorClassIdentifier: 
  player1: {fileID: 0}
  player2: {fileID: 0}
